@book{BlindBuch,
  title={Blindtitel},
  author={BlindAutor},
  year={2012},
  edition={9., Ã¼berarbeitet Auflage}
  publisher={BlindVerlag}
}